@book{BASS,
    Author = {BASS, Len and CLEMENTS, Paul and KAZMAN, Rick},
    Edition = {2nd},
    Number = {p. 14},
    Publisher = {Addison-Wesley Professional},
    Title = {Software Architecture in Practice},
    Year = {2003},
    trad = {tradução nossa}
}

@book{Hubel:1995,
    author = {Hubel, David H.},
    edition = {2nd},
    month = may,
    publisher = {W. H. Freeman},
    title = {Eye, Brain, and Vision},
    address = "New York",
    year = {1995}
}

@misc{Santana,
    Author = {Raquel Tannuri Santana},
	Title = {Cinco programas gratuitos que ajudam na administração de empresas},
	Year = {2017},
	howpublished ={http://www.tribunapr.com.br/noticias/empreender/cinco-programas-gratuitos-que-ajudam-na-administracao-de-empresa}
}

@misc{Fonseca,
    Author = {Mariana Fonseca},
	Title = {10 ideias de negócio perfeitas para trabalhar de casa},
	Year = {2016},
	howpublished ={https://exame.abril.com.br/pme/10-ideias-de-negocio-perfeitas-para-trabalhar-de-casa}
}

@misc{Barbi,
    Author = {Fernando, C. Barbi},
	Title = {Os 7 passos do gerenciamento de projetos},
	Year = {2017},
	howpublished ={https://www.microsoft.com/brasil/msdn/tecnologias/carreira/gerencprojetos.mspx}
}

@misc{Marcondes,
    Author = {Marcondes, Alexandre Rocha},
	Title = {Single Page Applications e outras maravilhas da web moderna},
	Year = {2013},
	howpublished ={https://imasters.com.br/desenvolvimento/single-page-applications-e-outras-maravilhas-da-web-moderna/?trace=1519021197}
}

@misc{Moepi,
    Author = {Kgomotso, Moepi},
	Title = {SOFEA - Service Oriented Front End Architecture},
	month = {jan},
	Year = {2016},
	howpublished ={https://www.linkedin.com/pulse/sofea-service-oriented-front-end-architecture-kgomotso-moepi}
}

@misc{wikipediaRest,
    Author = {Wikipedia},
	Title = {Rest},
	month = {jul},
	Year = {2017},
	howpublished ={https://pt.wikipedia.org/wiki/REST}
}

@misc{royFielding,
    Author = {Fielding, Roy T.},
	Title = {REST Architectural Elements},
	Year = {2000},
	howpublished ={https://www.ics.uci.edu/~fielding/pubs/dissertation/rest_arch_style.htm}
}

@misc{rfc3986,
    Author = {Berners-Lee, et al},
	Title = {Uniform Resource Identifier (URI)},
	Year = {2005},
	howpublished =https://tools.ietf.org/html/rfc3986#section-3.4}
}


@misc{rfc2616,
    Author = {Fielding, Roy T},
	Title = {Hypertext Transfer Protocol -- HTTP/1.1},
	Year = {1999},
	howpublished =https://tools.ietf.org/html/rfc2616#page-57}
}

@misc{rfc7231,
    Author = {R. Fielding, J. Reschke},
	Title = {Hypertext Transfer Protocol (HTTP/1.1): Semantics and Content},
	Year = {2014},
	howpublished =https://tools.ietf.org/html/rfc7231#section-4.1}
}

@misc{negociodozero,
    Author = {Rezende, M.},
    title = {{Como montar uma Doceria, Confeitaria ou Cafeteria}},
    Year = {2016},
    howpublished = {\url{https://negociodozero.com.br/como-montar-uma-doceria/}},
    note = {Online; Acesso em 28 Outubro 2017}
}

@misc{sebraenegociodoces,
    Author = {Sebrae},
    title = {{Como abrir um negócio de chocolates, trufas e bombons}},
    Year = {2017},
    howpublished = {\url{https://www.sebrae.com.br/sites/PortalSebrae/ufs/mg/artigos/como-abrir-um-negocio-de-chocolates-trufas-e-bombons-em-minas-gerais,8b373aded3439410VgnVCM1000003b74010aRCRD/}},
    note = {Online; Acesso em 28 Outubro 2017}
}


@misc{angulardoc,
    title = {{Google} Documentation Description},
    howpublished = {\url{https://angular.io/docs}},
    note = {Accessed: 2017-10-12}
}

@misc{EmpreenderBrasil,
    author = {{Sebrae}},
    title = {{Brasil é o país mais empreendedor do BRICS}},
    Year = {2016},
    howpublished = {\url{http://revistapegn.globo.com/Empreendedorismo/noticia/2016/11/brasil-e-o-pais-mais-empreendedor-do-brics.html}},
    note = {Online; Acesso em 28 Outubro 2017}
} 

@book{Landow:1997,
    Author = {George P. Landow},
	Title = {Teoria Del Hipertexto},
	Year = {1997},
	plublished={Paidos Iberica}
}

@BOOK{Castor:2009,
  TITLE = {Dicionário de Termos de Estratégia Empresarial},
  AUTHOR = {Castor, B.V,J., Zugman, F},
  YEAR = {2009},
  PUBLISHER = {Editora Atlas},
}


@BOOK{OgeHugo:1999,
  AUTHOR =       "Og{\^e} Marques{ }Filho and Hugo Vieira{ }Neto",
  editor =       "",
  TITLE =        "Processamento Digital de Imagens",
  PUBLISHER =    "Brasport",
  YEAR =         "1999",
  volume =       "",
  number =       "",
  series =       "",
  address =      "Rio de Janeiro",
  edition =      "",
  month =        "",
  note =         "",
  abstract =     "",
  price =        "",
  keywords =     "",
  source =       "",
  file = F
}